@inproceedings {255318,
author = {Daniel Lehmann and Johannes Kinder and Michael Pradel},
title = {Everything Old is New Again: Binary Security of {WebAssembly}},
booktitle = {29th USENIX Security Symposium (USENIX Security 20)},
year = {2020},
isbn = {978-1-939133-17-5},
pages = {217--234},
url = {https://www.usenix.org/conference/usenixsecurity20/presentation/lehmann},
publisher = {USENIX Association},
month = aug
}

@article{Haas2017,
  title = {Bringing the web up to speed with WebAssembly},
  volume = {52},
  ISSN = {1558-1160},
  url = {http://dx.doi.org/10.1145/3140587.3062363},
  DOI = {10.1145/3140587.3062363},
  number = {6},
  journal = {ACM SIGPLAN Notices},
  publisher = {Association for Computing Machinery (ACM)},
  author = {Haas,  Andreas and Rossberg,  Andreas and Schuff,  Derek L. and Titzer,  Ben L. and Holman,  Michael and Gohman,  Dan and Wagner,  Luke and Zakai,  Alon and Bastien,  JF},
  year = {2017},
  month = jun,
  pages = {185â€“200}
}
